@article{IEEEexample:article_typical,
author  = {"R. Fuentes, A. Garcia, A. Cabrera, T. Poznyak, and I. Chairez"},
title   = {"Switching Learning Law for Differential %Neural Observer for Biodegradation Process-{Si} {TFT}"},
month   = {jul},
year    = {"2006"}
}